@book{Monsalve_2018,
    place={Bogotá},
    title={Competencia Bajo Equilibrio de nash},
    publisher={Universidad Nacional de Colombia},
    author={Monsalve, Sergio},
    year={2018}}

@article{harsanyi1967games,
    title={Games with incomplete information played by “Bayesian” players, I--III Part I. The basic model},
    author={Harsanyi, John C},
    journal={Management science},
    volume={14},
    number={3},
    pages={159--182},
    year={1967},
    publisher={INFORMS}}

@book{mas1995microeconomic,
    title={Microeconomic theory},
    author={Mas-Colell, Andreu and Whinston, Michael Dennis and Green, Jerry R and others},
    year={1995},
    publisher={Oxford university press New York}
}

@book{kreps2020course,
    title={A course in microeconomic theory},
    author={Kreps, David M},
    year={2020},
    publisher={Princeton university press}
}