@book{Monsalve_2018,
    place={BogotaÃÅ},
    title={Competencia Bajo Equilibrio de nash},
    publisher={Universidad Nacional de Colombia},
    author={Monsalve, Sergio},
    year={2018}}

@book{Osborne_2017,
    place={New Delhi},
    title={An introduction to game theory},
    publisher={Oxford University Press},
    author={Osborne, Martin J.},
    year={2017}}
@book{Tadelis_2013,
    place={Princeton},
    title={Game theory: An introduction},
    publisher={Princeton University Press},
    author={Tadelis, Steven},
    year={2013}} 

@Misc{Rousseau,
    author = {Rousseau, Jean-Jacques},
    title = {Discurso sobre el origen de la desigualdad entre los hombres},
    publisher = {Alicante : Biblioteca Virtual Miguel de Cervantes, 1999},
    year = {1999[1755]},
    url = {https://www.cervantesvirtual.com/nd/ark:/59851/bmc89137}
    }

