@book{Monsalve_2018,
    place={BogotaÃÅ},
    title={Competencia Bajo Equilibrio de nash},
    publisher={Universidad Nacional de Colombia},
    author={Monsalve, Sergio},
    year={2018}}

@book{Osborne_2017,
    place={New Delhi},
    title={An introduction to game theory},
    publisher={Oxford University Press},
    author={Osborne, Martin J.},
    year={2017}}
@book{Tadelis_2013,
    place={Princeton},
    title={Game theory: An introduction},
    publisher={Princeton University Press},
    author={Tadelis, Steven},
    year={2013}} 

@book{Boyd_Vandenberghe_2011,
    place={Cambridge},
    title={Convex optimization},
    publisher={Cambridge Univ. Pr.},
    author={Boyd, Stephen P. and Vandenberghe, Lieven},
    year={2011}}

@book{Mas-Colell_Whinston_Green_1995,
    title={Microeconomic theory},
    publisher={Oxford University Press Inc},
    author={Mas-Colell, Andreu and Whinston, Michael D. and Green, Jerry R.},
    year={1995}}

@book{MANDY_2017,
    place={Amsterdam},
    title={Producers, consumers, and partial equilibrium},
    publisher={Academic Press},
    author={Mandy, David M.},
    year={2017}}

@book{Straffin_1993,
    place={New York},
    title={Game theory and strategy},
    publisher={Mathematical Association of America},
    author={Straffin, Philip D.},
    year={1993}}

@book{Perea_2001,
    place={Boston},
    title={Rationality in extensive form games},
    publisher={Kluwer Academic Publishers},
    author={Perea, Andres},
    year={2001}}

@book{Perea_2012,
    place={Cambridge},
    title={Epistemic game theory: reasoning and choice},
    publisher={Cambridge University Press},
    author={Perea, Andres},
    year={2012}} 