@book{Monsalve_2018,
    place={Bogota패},
    title={Competencia Bajo Equilibrio de nash},
    publisher={Universidad Nacional de Colombia},
    author={Monsalve, Sergio},
    year={2018}}

@book{Osborne_2017,
    place={New Delhi},
    title={An introduction to game theory},
    publisher={Oxford University Press},
    author={Osborne, Martin J.},
    year={2017}}

@book{Pe침aloza_2020,
    place={Bogota패},
    title={C치lculo integral en una variable},
    publisher={Universidad Nacional de Colombia},
    author={Galeano, Jeanneth and Rodriguez Claudio},
    year={2018}}