@book{Say,
        title={Tratado de economia politica; o, Exposicion Sencilla del modo con que se forman, se distribuyen y se consumen Las Riquezas},
        publisher={Lecointe},
        author={Say, Jean Baptiste},
        year={1836}}

@article{Ramos2007,
        title={Los economistas y el debate sobre la nacionalización de la tierra en Gran Bretaña en la segunda mitad del siglo XIX},
        journal={Areas. Revista Internacional de Ciencias Sociales},
        author={Ramos Gorostiza},
        year={2007},
        pages={63-73}}

@article{Cardenas1954,
        title={REFORMA AGRARIA Y DESARROLLO ECONOMICO EN EL ECUADOR},
        journal={El Trimestre Económico},
        author={Cardenas, Jose},
        year={1954},
        pages={305-325}}

@book{lenin_1971,
        place={Moscu},
        title={El Desarrollo del capitalismo en Rusia: El proceso de la formacioon de un mercado interior para la Gran Industria},
        publisher={Progreso},
        author={Lenin, Vladimir Ilyich},
        year={1971}}

@article{hamuy_1996,
        title={Consideraciones sociológicas en torno a la reforma agraria en Latinoamérica},
        volume={28},
        DOI={10.2307/3539195},
        number={3},
        journal={Revista Mexicana de Sociología},
        author={Hamuy, Eduardo},
        year={1996},
        pages={677}}

@article{Vergara2011,
        title={Desarrollo del subdesarrollo o nueva ruralidad para Colombia. Cartografias del desarrollo rural.},
        journal={Revista de la Universidad de La Salle},
        number={55},
        author={Vergara, Wilson},
        year={2011},
        pages={33-66}}

@article{AMM2021,
        title={Mercados laborales fragmentados y sistemas de protección social en Colombia.},
        journal={UNDP LAC Working Paper},
        number={14},
        author={Alvarado, Francisco and Melendez, Marcela and Pantoja, Marcela},
        year={2021},
        note={Mision de Empleo 2022}}

@inbook{Ocampo2001,
        author={Ocampo, Jose Antonio},
        title={Agricultura y desarrollo rural en América Latina},
        year={2021},
        chapter={1},
        booktitle={Desarrollo rural en América Latina y el Caribe: ¿la construcción de un nuevo modelo?},
        Publisher={Cepal \& Alfaomega},
        pages={1-40}}

@article{overbeek_silva_1986,
        title={Marx y el Tercer Mundo},
        volume={48},
        DOI={10.2307/3540409},
        number={1},
        journal={Revista Mexicana de Sociología},
        author={Overbeek, Henk and Silva, Patricio},
        year={1986},
        pages={115-134}}

@article{Moyano_Sevilla1978,
        title={Sobre los procesos de cambio en la economía campesina},
        author={Moyano E., Eduardo and Sevilla-Guzman, Eduardo},
        year={1978},
        pages={257-271},
        journal={Agricultura y sociedad},
        number={9}}

@article{nash_1950,
        title={The bargaining problem},
        volume={18},
        DOI={10.2307/1907266},
        number={2},
        journal={Econometrica},
        author={Nash, John F.},
        year={1950},
        pages={155}}

@article{nash_1953,
        title={Two-person cooperative games},
        volume={21},
        DOI={10.2307/1906951},
        number={1},
        journal={Econometrica},
        author={Nash, John F.},
        year={1953},
        pages={128}}

@article{arrow_1973,
        title={General economic equilibrium: Purpose, analytic techniques, collective choice},
        DOI={10.21236/ad0757100},
        author={Arrow, Kenneth J.},
        journal={The American Economic Review},
        Volume={64},
        number={3},
        pages={253-272},
        year={1973}}

@book{arrow_1951,
        author={Arrow, Kenneth J.},     
        title={Social Choice and individual values},
        publisher={Wiley \& Sons},
        place={New York},
        year={1951}}

@unpublished{Lozano2022,
        title={Notas de Clase},
        author={Lozano, Francisco},
        number={5},
        year={2022},
        note={Mimeo}}