@book{Monsalve_2018,
    place={Bogotá},
    title={Competencia Bajo Equilibrio de nash},
    publisher={Universidad Nacional de Colombia},
    author={Monsalve, Sergio},
    year={2018}}

@article{Myerson_Satterthwaite_1983,
    title={Efficient mechanisms for bilateral trading},
    volume={29},
    DOI={10.1016/0022-0531(83)90048-0},
    number={2},
    journal={Journal of Economic Theory},
    author={Myerson, Roger B and Satterthwaite, Mark A},
    year={1983},
    pages={265–281}} 