@article{arrow1963uncertainty,
    title={Uncertainty and the welfare economics of medical care},
    author={Arrow, Kenneth J},
    journal={The American Economic Review},
    year={1963},
    volume={53},
    pages={941-973}}

@article{perez2015mirada,
    title={Una mirada a los gastos de bolsillo en salud para Colombia},
    author={P{\'e}rez V., Gerson Javier and Silva U., Alejandro},
    journal={Documentos de Trabajo Sobre Econom{\'i}a Regional y Urbana; No. 218},
    year={2015},
    publisher={Banco de la Rep{\'u}blica de Colombia}}

@article{sanchez2014barreras,
    title={Barreras de acceso a los servicios de salud: narrativas de mujeres con c{\'a}ncer de mama en Colombia},
    author={S{\'a}nchez, Guillermo and Laza, Celmira and Estupi{\~n}{\'a}n, Carolina and Estupi{\~n}{\'a}n, Laura},
    journal={Revista Facultad Nacional de Salud P{\'u}blica},
    volume={32},
    number={3},
    pages={305--313},
    year={2014},
    publisher={Universidad de Antioquia}}

@article{thaler1980toward,
    title={Toward a positive theory of consumer choice},
    author={Thaler, Richard},
    journal={Journal of economic behavior \& organization},
    volume={1},
    number={1},
    pages={39--60},
    year={1980},
    publisher={Elsevier}}

@article{tversky1991loss,
    title={Loss aversion in riskless choice: A reference-dependent model},
    author={Tversky, Amos and Kahneman, Daniel},
    journal={The quarterly journal of economics},
    volume={106},
    number={4},
    pages={1039--1061},
    year={1991},
    publisher={MIT Press}}

@article{rabin2000risk,
    author = {Rabin, Matthew},
    title = {Risk Aversion and Expected-utility Theory: A Calibration Theorem},
    journal = {Econometrica},
    volume = {68},
    number = {5},
    pages = {1281-1292},
    doi = {10.1111/1468-0262.00158},
    year = {2000}}

@article{bjorkman1993realism,
    title={Realism of confidence in sensory discrimination: The underconfidence phenomenon},
    author={Bj{\"o}rkman, Mats and Juslin, Peter and Winman, Anders},
    journal={Perception \& psychophysics},
    volume={54},
    pages={75--81},
    year={1993},
    publisher={Springer}}

@article{braverman2012assessment,
    title={Assessment of the sunk-cost effect in clinical decision-making},
    author={Braverman, Jennifer A and Blumenthal-Barby, JS},
    journal={Social Science \& Medicine},
    volume={75},
    number={1},
    pages={186--192},
    year={2012},
    publisher={Elsevier}}