@book{Foulcault_1987,
    place={Mexico, D.F.},
    title={Vigilar y Castigar; Nacimiento de la prision},
    publisher={SIGLO XXI},
    author={Foulcault, Michel},
    year={1987}}

@book{Bourdieu_2018,
    place={Barcelona},
    title={La DominacioÃÅn masculina},
    publisher={Anagrama},
    author={Bourdieu, Pierre},
    year={2018}} 