@article{Gilmore_McManus_Sharma_Tezel_2009, title={The dynamics of gold prices, gold mining stock prices and stock market prices comovements}, volume={1}, DOI={10.5296/rae.v1i1.301}, number={1}, journal={Research in Applied Economics}, author={Gilmore, Claire G. and McManus, Ginette M. and Sharma, Rajneesh and Tezel, Ahmet}, year={2009}} 

@book{Tsay_2005, place={Newark}, title={Analysis of Financial Time Series}, publisher={John Wiley &amp; Sons, Inc.}, author={Tsay, Ruey S.}, year={2005}}

@book{Calderon, place={Bogota}, title={Notas de Clase: Series de Tiempo Univariadas}, publisher={Departamento de Estad√≠stica, Universidad Nacional de Colombia}, author={Calderon V., Sergio A.}, year={2021}, note    = "unpublished"} 