@article{fischbacher2001people,
  title={Are people conditionally cooperative? Evidence from a public goods experiment},
  author={Fischbacher, Urs and G{\"a}chter, Simon and Fehr, Ernst},
  journal={Economics letters},
  volume={71},
  number={3},
  pages={397--404},
  year={2001},
  publisher={Elsevier}
}