@article{friedman_1968,
    title={The role of monetary policy},
    DOI={10.4324/9780203443965.ch7},
    journal={The American Economics Review},
    author={Friedman, Milton},
    year={1968},
    pages={1-17}}

@book{kalecki_1980,
    place={Barcelona},
    title={Ensayos sobre las economias en vias de desarrollo},
    publisher={Editorial Critica},
    author={Kalecki, Michal},
    year={1980}}

@article{shaikh_1974,
    title={Laws of production and laws of algebra: The Humbug Production Function},
    volume={56},
    DOI={10.2307/1927538},
    number={1},
    journal={The Review of Economics and Statistics},
    author={Shaikh, Anwar},
    year={1974},
    pages={115}}

@book{popper_1959,
    place={London},
    title={The logic of Scientific Discovery},
    publisher={Hutchinson},
    author={Popper, Karl Raimund},
    year={1959}}

@article{robinson_1953,
    title={The production function and the theory of capital},
    volume={21},
    DOI={10.2307/2296002},
    number={2},
    journal={The Review of Economic Studies},
    author={Robinson, Joan},
    year={1953},
    pages={81}}

@article{lazzarini2013,
    title={La controversia del capital en perspectiva historica: reconsiderando su relevancia en la teoria economica},
    year={2013},
    journal={Circus, Revista Argentina de economia},
    number={5},
    author={Lazzarini, Andres},
    pages={141-163}}

@article{samuelson_1962,
    title={Parable and realism in capital theory: The surrogate production function},
    volume={29},
    DOI={10.2307/2295954},
    number={3},
    journal={The Review of Economic Studies},
    author={Samuelson, Paul A.},
    year={1962},
    pages={193}}