@Book{BVMC:679172, author = {Kant, Immanuel}, title = {Crítica de la razón pura : texto de las dos ediciones}, publisher = {Alicante : Biblioteca Virtual Miguel de Cervantes, 2014}, year = {2014}, url = {https://www.cervantesvirtual.com/nd/ark:/59851/bmcwq1w3} }