@book{Boyd_Vandenberghe_2011,
    place={Cambridge},
    title={Convex optimization},
    publisher={Cambridge Univ. Pr.},
    author={Boyd, Stephen P. and Vandenberghe, Lieven},
    year={2011}}