@misc{dane,
    author={DANE},
    title={Estadisticas de Comercio exterior},
    url={https://www.dane.gov.co/files/investigaciones/comercio_exterior/exportaciones/2023/anexo-exportaciones-cafe-carbon-petroleo-ferroniquel-no-tradicionales-feb23.xlsx},
    howpublished={\url{https://www.dane.gov.co/files/investigaciones/comercio_exterior/exportaciones/2023/anexo-exportaciones-cafe-carbon-petroleo-ferroniquel-no-tradicionales-feb23.xlsx} (accessed on April 29, 2023)}
}

@book{guerrero,
    place={Mexico, df},
    title={Analisis estadistico de series De tiempo economicas},
    publisher={Jit Press},
    author={Guerrero Victor M.},
    year={2009}
}

@unpublished{andradeportela2020econometria,
    author={Andrade Portela, Juan Jose and Forero Buitrago, Juan Camilo and Rodriguez Perilla, Gustavo Adolfo},
    title={Econometria II - Guia Teorica y practica metodologia Box Jenkins en R},
    year={2020},
    note={Archivo no publicado},
    institution={Universidad Nacional De Colombia}
}
