@article{robinson_1953,
        title={The production function and the theory of capital},
        volume={21},
        DOI={10.2307/2296002},
        number={2},
        journal={The Review of Economic Studies},
        author={Robinson, Joan},
        year={1953},
        pages={81}}
        
@article{shaikh_1974,
        title={Laws of production and laws of algebra: The Humbug Production Function},
        volume={56},
        DOI={10.2307/1927538},
        number={1},
        journal={The Review of Economics and Statistics},
        author={Shaikh, Anwar},
        year={1974},
        pages={115}} 