@book{Perea_2001, place={Boston}, title={Rationality in extensive form games}, publisher={Kluwer Academic Publishers}, author={Perea, Andres}, year={2001}} 