@book{Boyd_Vandenberghe_2011,
    place={Cambridge},
    title={Convex optimization},
    publisher={Cambridge Univ. Pr.},
    author={Boyd, Stephen P. and Vandenberghe, Lieven},
    year={2011}}

@book{FLozano,
    place={Bogota},
    title={Teoria Microeconomica: Eleccion Racional},
    publisher={Editorial Universidad Nacional de Colombia},
    author={Lozano, Francisco},
    year={2012}}

@book{THayashi,
    DOI={10.1007/978-3-319-56696-2},
    title={General equilibrium foundation of partial equilibrium analysis},
    publisher={Springer International Publishing},
    author={Hayashi, Takashi},
    year={2017}}

@book{Monsalve_2017,
    place={BogotaÃÅ},
    edition={second},
    title={Competencia Bajo Equilibrio Parcial},
    publisher={Universidad Nacional de Colombia},
    author={Monsalve, Sergio},
    year={2017}} 