@book{Monsalve_2017,
    place={Bogotá},
    edition={segunda},
    title={Competencia Bajo Equilibrio Parcial},
    publisher={Universidad Nacional de Colombia},
    author={Monsalve, Sergio},
    year={2017}} 

@book{Monsalve_2018,
    place={Bogotá},
    title={Competencia Bajo Equilibrio de nash},
    publisher={Universidad Nacional de Colombia},
    author={Monsalve, Sergio},
    year={2018}} 