@article{palacios-huerta_2023,
    title={Maradona plays minimax},
    volume={1},
    DOI={10.1016/j.serev.2022.100001},
    journal={Sports Economics Review},
    author={Palacios-Huerta, Ignacio},
    year={2023}}

@article{monsalve2021,
    title={Preocupaciones sobre la microeconomía
    que nos enseñan los libros de texto básicos},
    journal={Documentos de Economia FCE-CID},
    author={Monsalve, Sergio},
    year={2021}}

@book{kuhn_1971,
    place={Meexico},
    title={La Estructura de las Revoluciones cientiificas},
    publisher={Fondo de Cultura Economica},
    author={Kuhn, Thomas S.},
    year={1971}}

@book{popper_1959,
    place={London},
    title={The logic of Scientific Discovery},
    publisher={Hutchinson},
    author={Popper, Karl Raimund},
    year={1959}}